% Quick-and-Dirty

@article{oyewole2023data,
  title={Data clustering: application and trends},
  author={Oyewole, Gbeminiyi John and Thopil, George Alex},
  journal={Artificial Intelligence Review},
  volume={56},
  number={7},
  pages={6439--6475},
  year={2023},
  publisher={Springer}
}

@article{ezugwu2022comprehensive,
  title={A comprehensive survey of clustering algorithms: State-of-the-art machine learning applications, taxonomy, challenges, and future research prospects},
  author={Ezugwu, Absalom E and Ikotun, Abiodun M and Oyelade, Olaide O and Abualigah, Laith and Agushaka, Jeffery O and Eke, Christopher I and Akinyelu, Andronicus A},
  journal={Engineering Applications of Artificial Intelligence},
  volume={110},
  pages={104743},
  year={2022},
  publisher={Elsevier}
}

@book{gan2020data,
  title={Data clustering: theory, algorithms, and applications},
  author={Gan, Guojun and Ma, Chaoqun and Wu, Jianhong},
  year={2020},
  publisher={SIAM}
}

@article{troiano2024comparative,
  title={A Comparative Analysis of Machine Learning Algorithms for Identifying Cultural and Technological Groups in Archaeological Datasets through Clustering Analysis of Homogeneous Data},
  author={Troiano, Maurizio and Nobile, Eugenio and Grignaffini, Flavia and Mangini, Fabio and Mastrogiuseppe, Marco and Conati Barbaro, Cecilia and Frezza, Fabrizio},
  journal={Electronics},
  volume={13},
  number={14},
  pages={2752},
  year={2024},
  publisher={MDPI}
}

@article{shen2021multivariate,
  title={Multivariate similarity clustering analysis: A new method regarding biogeography and its application in global insects},
  author={Shen, Xiaocheng and Zhang, Shujie and Shen, Qi and Hu, Guilin and Lu, Jiqi},
  journal={Integrative Zoology},
  volume={16},
  number={3},
  pages={390--403},
  year={2021},
  publisher={Wiley Online Library}
}

@article{lee2021technological,
  title={From technological development to social advance: A review of Industry 4.0 through machine learning},
  author={Lee, Changhun and Lim, Chiehyeon},
  journal={Technological Forecasting and Social Change},
  volume={167},
  pages={120653},
  year={2021},
  publisher={Elsevier}
}

@article{cai2016clustering,
  title={Clustering approaches for financial data analysis: a survey},
  author={Cai, Fan and Le-Khac, Nhien-An and Kechadi, Tahar},
  journal={arXiv preprint arXiv:1609.08520},
  year={2016}
}

@incollection{chander2023data,
  title={Data clustering using unsupervised machine learning},
  author={Chander, Bhanu and Gopalakrishnan, Kumaravelan},
  booktitle={Statistical Modeling in Machine Learning},
  pages={179--204},
  year={2023},
  publisher={Elsevier}
}

@inproceedings{DBLP:conf/iiwas/BeecksBHLSD22,
  author       = {Christian Beecks and
                  Fabian Berns and
                  Jan David H{\"{u}}wel and
                  Andrea Linxen and
                  Georg Stefan Schlake and
                  Tim D{\"{u}}sterhus},
  editor       = {Eric Pardede and
                  Pari Delir Haghighi and
                  Ismail Khalil and
                  Gabriele Kotsis},
  title        = {A Comparative Performance Analysis of Fast K-Means Clustering Algorithms},
  booktitle    = {Information Integration and Web Intelligence - 24th International
                  Conference, iiWAS 2022, Virtual Event, November 28-30, 2022, Proceedings},
  series       = {Lecture Notes in Computer Science},
  volume       = {13635},
  pages        = {119--125},
  publisher    = {Springer},
  year         = {2022},
  url          = {https://doi.org/10.1007/978-3-031-21047-1\_11},
  doi          = {10.1007/978-3-031-21047-1\_11},
  timestamp    = {Tue, 22 Nov 2022 17:37:58 +0100},
  biburl       = {https://dblp.org/rec/conf/iiwas/BeecksBHLSD22.bib},
  bibsource    = {dblp computer science bibliography, https://dblp.org}
}

@article{pedregosa2011scikit,
  title={Scikit-learn: Machine learning in Python},
  author={Pedregosa, Fabian and Varoquaux, Ga{\"e}l and Gramfort, Alexandre and Michel, Vincent and Thirion, Bertrand and Grisel, Olivier and Blondel, Mathieu and Prettenhofer, Peter and Weiss, Ron and Dubourg, Vincent and others},
  journal={Journal of machine learning research},
  volume={12},
  number={Oct},
  pages={2825--2830},
  year={2011}
}

@misc{Averitchev2024kMeansPtolemy,
  author = {Nikita Averitchev},
  title = {kMeans-Extension-Ptolemy},
  year = {2024},
  howpublished = {\url{https://github.com/nikitaaveritchev/kmeans-Extension-Ptolemy}}
}

@inproceedings{DBLP:conf/sisap/LangS23,
  author       = {Andreas Lang and
                  Erich Schubert},
  editor       = {Oscar Pedreira and
                  Vladimir Estivill{-}Castro},
  title        = {Accelerating k-Means Clustering with Cover Trees},
  booktitle    = {Similarity Search and Applications - 16th International Conference,
                  {SISAP} 2023, {A} Coru{\~{n}}a, Spain, October 9-11, 2023, Proceedings},
  series       = {Lecture Notes in Computer Science},
  volume       = {14289},
  pages        = {148--162},
  publisher    = {Springer},
  year         = {2023},
  url          = {https://doi.org/10.1007/978-3-031-46994-7\_13},
  doi          = {10.1007/978-3-031-46994-7\_13},
  timestamp    = {Thu, 09 Nov 2023 21:12:58 +0100},
  biburl       = {https://dblp.org/rec/conf/sisap/LangS23.bib},
  bibsource    = {dblp computer science bibliography, https://dblp.org}
}

@inproceedings{DBLP:conf/sisap/SchubertLF21,
  author       = {Erich Schubert and
                  Andreas Lang and
                  Gloria Feher},
  editor       = {Nora Reyes and
                  Richard Connor and
                  Nils M. Kriege and
                  Daniyal Kazempour and
                  Ilaria Bartolini and
                  Erich Schubert and
                  Jian{-}Jia Chen},
  title        = {Accelerating Spherical k-Means},
  booktitle    = {Similarity Search and Applications - 14th International Conference,
                  {SISAP} 2021, Dortmund, Germany, September 29 - October 1, 2021, Proceedings},
  series       = {Lecture Notes in Computer Science},
  volume       = {13058},
  pages        = {217--231},
  publisher    = {Springer},
  year         = {2021},
  url          = {https://doi.org/10.1007/978-3-030-89657-7\_17},
  doi          = {10.1007/978-3-030-89657-7\_17},
  timestamp    = {Wed, 03 Nov 2021 08:28:36 +0100},
  biburl       = {https://dblp.org/rec/conf/sisap/SchubertLF21.bib},
  bibsource    = {dblp computer science bibliography, https://dblp.org}
}


