@article{DBLP:journals/kais/WuKQGYMMNLYZSHS08,
  author    = {Xindong Wu and
               Vipin Kumar and
               J. Ross Quinlan and
               Joydeep Ghosh and
               Qiang Yang and
               Hiroshi Motoda and
               Geoffrey J. McLachlan and
               Angus F. M. Ng and
               Bing Liu and
               Philip S. Yu and
               Zhi{-}Hua Zhou and
               Michael S. Steinbach and
               David J. Hand and
               Dan Steinberg},
  title     = {Top 10 algorithms in data mining},
  journal   = {Knowl. Inf. Syst.},
  volume    = {14},
  number    = {1},
  pages     = {1--37},
  year      = {2008}
}

@article{DBLP:journals/tit/Lloyd82,
  author    = {Stuart P. Lloyd},
  title     = {Least squares quantization in {PCM}},
  journal   = {{IEEE} Trans. Inf. Theory},
  volume    = {28},
  number    = {2},
  pages     = {129--136},
  year      = {1982}
}

@inproceedings{macqueen1967,
author = "MacQueen, J.",
booktitle = "Proc. 5th Berkeley Symposium on Mathematical Statistics and Probability, Volume 1: Statistics",
pages = "281--297",
publisher = "University of California Press",
title = "Some methods for classification and analysis of multivariate observations",
year = "1967"
}

@article{DBLP:journals/kais/KriegelSZ17,
  author    = {Hans{-}Peter Kriegel and
               Erich Schubert and
               Arthur Zimek},
  title     = {The (black) art of runtime evaluation: Are we comparing algorithms
               or implementations?},
  journal   = {Knowl. Inf. Syst.},
  volume    = {52},
  number    = {2},
  pages     = {341--378},
  year      = {2017}
}

@inproceedings{DBLP:conf/icml/Elkan03,
  author    = {Charles Elkan},
  title     = {Using the Triangle Inequality to Accelerate k-Means},
  booktitle = {{ICML}},
  pages     = {147--153},
  publisher = {{AAAI} Press},
  year      = {2003}
}

@inproceedings{DBLP:conf/sdm/Hamerly10,
  author    = {Greg Hamerly},
  title     = {Making k-means Even Faster},
  booktitle = {{SDM}},
  pages     = {130--140},
  publisher = {{SIAM}},
  year      = {2010}
}

@inproceedings{drake2012accelerated,
  title={Accelerated k-means with adaptive distance bounds},
  author={Drake, Jonathan and Hamerly, Greg},
  booktitle={5th NIPS workshop on optimization for machine learning},
  volume={8},
  year={2012}
}

@incollection{hamerly2015accelerating,
  title={Accelerating Lloyd’s algorithm for k-means clustering},
  author={Hamerly, Greg and Drake, Jonathan},
  booktitle={Partitional clustering algorithms},
  pages={41--78},
  year={2015},
  publisher={Springer}
}

@inproceedings{DBLP:conf/icml/NewlingF16,
  author    = {James Newling and
               Fran{\c{c}}ois Fleuret},
  title     = {Fast k-means with accurate bounds},
  booktitle = {{ICML}},
  series    = {{JMLR} Workshop and Conference Proceedings},
  volume    = {48},
  pages     = {936--944},
  publisher = {JMLR.org},
  year      = {2016}
}

@inproceedings{DBLP:conf/icml/DingZSMM15,
  author    = {Yufei Ding and
               Yue Zhao and
               Xipeng Shen and
               Madanlal Musuvathi and
               Todd Mytkowicz},
  title     = {Yinyang K-Means: {A} Drop-In Replacement of the Classic K-Means with
               Consistent Speedup},
  booktitle = {{ICML}},
  series    = {{JMLR} Workshop and Conference Proceedings},
  volume    = {37},
  pages     = {579--587},
  year      = {2015}
}

@incollection{bock2007clustering,
  title={Clustering methods: a history of k-means algorithms},
  author={Bock, Hans-Hermann},
  booktitle={Selected contributions in data analysis and classification},
  pages={161--172},
  year={2007},
  publisher={Springer}
}

@article{DBLP:journals/prl/Jain10,
  author    = {Anil K. Jain},
  title     = {Data clustering: 50 years beyond K-means},
  journal   = {Pattern Recognit. Lett.},
  volume    = {31},
  number    = {8},
  pages     = {651--666},
  year      = {2010}
}

@article{hans2008origins,
  title={Origins and extensions of the k-means algorithm in cluster analysis},
  author={Hans-Hermann, BOCK},
  journal={Journal Electronique d’Histoire des Probabilit{\'e}s et de la Statistique Electronic Journal for History of Probability and Statistics},
  volume={4},
  number={2},
  year={2008}
}

@article{steinley2006k,
  title={K-means clustering: a half-century synthesis},
  author={Steinley, Douglas},
  journal={British Journal of Mathematical and Statistical Psychology},
  volume={59},
  number={1},
  pages={1--34},
  year={2006},
  publisher={Wiley Online Library}
}

@article{steinhaus1956division,
  title={Sur la division des corps materiels en parties. Bull. Acad. Polon. Sci., C1. III vol IV: 801-804},
  author={Steinhaus, H},
  year={1956}
}

@article{olukanmi2019rethinking,
  title={Rethinking k-means clustering in the age of massive datasets: a constant-time approach},
  author={Olukanmi, P and Nelwamondo, F and Marwala, T},
  journal={Neural Computing and Applications},
  pages={1--23},
  year={2019},
  publisher={Springer}
}

@article{forgy1965cluster,
  title={Cluster analysis of multivariate data: efficiency versus interpretability of classifications},
  author={Forgy, Edward W},
  journal={biometrics},
  volume={21},
  pages={768--769},
  year={1965}
}

@incollection{deza2009encyclopedia,
  title={Encyclopedia of distances},
  author={Deza, Michel Marie and Deza, Elena},
  booktitle={Encyclopedia of distances},
  pages={1--583},
  year={2009},
  publisher={Springer}
}

@incollection{DBLP:series/lncs/BlomerL0S16,
  author    = {Johannes Bl{\"{o}}mer and
               Christiane Lammersen and
               Melanie Schmidt and
               Christian Sohler},
  title     = {Theoretical Analysis of the k-Means Algorithm - {A} Survey},
  booktitle = {Algorithm Engineering},
  series    = {Lecture Notes in Computer Science},
  volume    = {9220},
  pages     = {81--116},
  year      = {2016}
}

@article{DBLP:journals/tcs/MahajanNV12,
  author    = {Meena Mahajan and
               Prajakta Nimbhorkar and
               Kasturi R. Varadarajan},
  title     = {The planar k-means problem is NP-hard},
  journal   = {Theor. Comput. Sci.},
  volume    = {442},
  pages     = {13--21},
  year      = {2012}
}

@article{hofmann2008kernel,
  title={Kernel methods in machine learning},
  author={Hofmann, Thomas and Sch{\"o}lkopf, Bernhard and Smola, Alexander J},
  journal={The annals of statistics},
  pages={1171--1220},
  year={2008},
  publisher={JSTOR}
}

@article{DBLP:journals/jacm/ArthurMR11,
  author    = {David Arthur and
               Bodo Manthey and
               Heiko R{\"{o}}glin},
  title     = {Smoothed Analysis of the k-Means Method},
  journal   = {J. {ACM}},
  volume    = {58},
  number    = {5},
  pages     = {19:1--19:31},
  year      = {2011}
}

@article{xu2015comprehensive,
  title={A comprehensive survey of clustering algorithms},
  author={Xu, Dongkuan and Tian, Yingjie},
  journal={Annals of Data Science},
  volume={2},
  number={2},
  pages={165--193},
  year={2015},
  publisher={Springer}
}

@article{xu2005survey,
  title={Survey of clustering algorithms},
  author={Xu, Rui and Wunsch, Donald},
  journal={IEEE Transactions on neural networks},
  volume={16},
  number={3},
  pages={645--678},
  year={2005},
  publisher={Ieee}
}

@inproceedings{DBLP:conf/sdm/RysavyH16,
  author    = {Petr Rysav{\'{y}} and
               Greg Hamerly},
  title     = {Geometric methods to accelerate \emph{k}-means algorithms},
  booktitle = {{SDM}},
  pages     = {324--332},
  publisher = {{SIAM}},
  year      = {2016}
}

@inproceedings{DBLP:conf/kdd/PellegM99,
  author    = {Dan Pelleg and
               Andrew W. Moore},
  title     = {Accelerating Exact \emph{k}-means Algorithms with Geometric Reasoning},
  booktitle = {{KDD}},
  pages     = {277--281},
  publisher = {{ACM}},
  year      = {1999}
}

@article{DBLP:journals/pami/KanungoMNPSW02,
  author    = {Tapas Kanungo and
               David M. Mount and
               Nathan S. Netanyahu and
               Christine D. Piatko and
               Ruth Silverman and
               Angela Y. Wu},
  title     = {An Efficient k-Means Clustering Algorithm: Analysis and Implementation},
  journal   = {{IEEE} Trans. Pattern Anal. Mach. Intell.},
  volume    = {24},
  number    = {7},
  pages     = {881--892},
  year      = {2002}
}

@inproceedings{DBLP:conf/soda/ArthurV07,
  author    = {David Arthur and
               Sergei Vassilvitskii},
  title     = {k-means++: the advantages of careful seeding},
  booktitle = {{SODA}},
  pages     = {1027--1035},
  publisher = {{SIAM}},
  year      = {2007}
}

@article{DBLP:journals/eswa/CelebiKV13,
  author    = {M. Emre Celebi and
               Hassan A. Kingravi and
               Patricio A. Vela},
  title     = {A comparative study of efficient initialization methods for the k-means
               clustering algorithm},
  journal   = {Expert Syst. Appl.},
  volume    = {40},
  number    = {1},
  pages     = {200--210},
  year      = {2013}
}

%Databases
@misc{db1,
url={http://cs.joensuu.fi/sipu/datasets/}
}

@misc{db2,
url={http://funapp.cs.bilkent.edu.tr/DataSets/}
}

@misc{db3,
url={https://archive.ics.uci.edu/ml/datasets/corel+image+features}}

@misc{db4,
url={http://archive.ics.uci.edu/ml/datasets/covertype}}

@misc{db5,
url={http://yann.lecun.com/exdb/mnist/}}

@misc{db6,
url={http://archive.ics.uci.edu/ml/datasets/us+census+data+(1990)}}