@book{han2012data,
  title={Data Mining: Concepts and Techniques},
  author={Han, Jiawei and Kamber, Micheline and Pei, Jian},
  edition={Third},
  year={2012},
    publisher={Morgan Kaufmann},
  isbn={978-0-12-381479-1},
  doi={10.1016/C2009-0-61819-5},
}

@ARTICLE{lloyd,
  author={Lloyd, S.},
  journal={IEEE Transactions on Information Theory}, 
  title={Least squares quantization in PCM}, 
  year={1982},
  volume={28},
  number={2},
  pages={129-137},
  keywords={},
  doi={10.1109/TIT.1982.1056489}}

@article{elkan,
author = {Elkan, Charles},
year = {2003},
month = {07},
pages = {},
title = {Using the Triangle Inequality to Accelerate K-Means},
volume = {1},
journal = {Proceedings, Twentieth International Conference on Machine Learning}
}

@inproceedings{hamerly2010,
  author    = {Greg Hamerly},
  title     = {Making k-means even faster},
  booktitle = {2010 SIAM International Conference on Data Mining},
  year      = {2010},
}

@inproceedings{drake2012,
    author = {Jonathan Drake and Greg Hamerly},
    title = {Accelerated k-means with adaptive distance bounds},
    booktitle = {5th NIPS Workshop on Optimization for Machine Learning},
    year = {2012},
    pages = {42--53}
}

@inbook{hamerly2015,
    author = {Greg Hamerly and Jonathan Drake},
    title = {Accelerating Lloyd's Algorithm for K-Means Clustering},
    booktitle = {Partitional Clustering Algorithms},
    publisher = {Springer},
    year = {2015},
    pages = {41--78}
}

@article{xia2020,
    author = {Xia, S. and Peng, D. and Meng, D. and Zhang, C. and Wang, G. and Giem, E. and Wei, W. and Chen, Z.},
    title = {A Fast Adaptive K-means with No Bounds},
    journal = {IEEE Transactions on Pattern Analysis and Machine Intelligence},
    year = {2020},
    volume = {1},
    doi = {10.1109/tpami.2020.3008694}
}

@article{ismkhan2022,
    author = {Ismkhan, H. and Izadi, M.},
    title = {K-means-G*: Accelerating k-means clustering algorithm utilizing primitive geometric concepts},
    journal = {Information Sciences},
    year = {2022},
    volume = {618},
    pages = {298--316},
    doi = {10.1016/j.ins.2022.11.001}
}

@misc{hetland2009,
    author = {Hetland, M. L.},
    title = {Ptolemaic indexing},
    howpublished = {arXiv (Cornell University)},
    year = {2009},
    url = {https://arxiv.org/pdf/0911.4384}
}

@misc{cordano2024elkans,
  author       = {J. Cordano},
  title        = {Elkan's KMeans Implementation},
  year         = 2024,
  url          = {https://github.com/jjcordano/elkans_kmeans/tree/main},
  note         = {GitHub repository}
}

@misc{mnist,
    author = {Yann LeCun and Corinna Cortes and Christopher J.C. Burges},
    title = {The MNIST Database of Handwritten Digits},
    year = {1998},
    url = {http://yann.lecun.com/exdb/mnist/}
}

@book{smith1970,
    author = {Smith, P.},
    title = {George F. Simmons. Introduction to topology and modern analysis},
    year = {1970},
    publisher = {McGraw-Hill Book Company, Inc., New York, San Francisco, Toronto, and London},
    note = {Journal Of Symbolic Logic, 35(4), 592},
    url = {https://doi.org/10.2307/2271489}
}

@book{osearcoid2006,
    author    = {Mícheál Ó Searcóid},
    title     = {Metric Spaces},
    year      = {2006},
    publisher = {Springer},
    series    = {Topics in Mathematical Analysis},
    note      = {Collection opensource},
    url       = {https://archive.org/details/metric-spaces},
}

@article{mahajan2010planar,
  title     = {The planar k-means problem is NP-hard},
  author    = {Mahajan, Meena and Nimbhorkar, Prajakta and Varadarajan, Kasturi},
  journal   = {Theoretical Computer Science},
  volume    = {1-3},
  pages     = {38-44},
  year      = {2010},
  publisher = {Elsevier B.V.},
  url       = {https://doi.org/10.1016/j.tcs.2010.02.022}
}

@misc{kmeansPtolemy,
  author       = {Nikita Averitchev},
  title        = {kmeans-Extension-Ptolemy},
  year         = {2024},
  howpublished = {\url{https://github.com/nikitaaveritchev/kmeans-Extension-Ptolemy}},
  note         = {Accessed: August 11, 2024}
}